@article{silva2014cultivoprotegido,
  title={Cultivo protegido: em busca de mais efici{\^e}ncia produtiva},
  author={Silva, Bruna Abrahão and SILVA, Amanda Rodrigues da and Pagiuca, Larissa Gui},
  journal={Hortifruti Brasil},
  volume={1},
  pages={10--18},
  year={2014}
}

@article{nakamae1999agrianual,
  title={Agrianual 1999--Anu{\'a}rio da Agricultura Brasileira},
  author={Nakamae, IJ and Pastrello, CP},
  journal={Agrianual 1999-Anu{\'a}rio da Agricultura Brasileira},
  year={1999},
  publisher={Editora Argos Comunica{\c{c}}{\~a}o S{\~a}o PAulo}
}

@book{cermeno1990estufas,
  title={Estufas: instala{\c{c}}{\~o}es e maneio},
  author={Cerme{\~n}o, Zoilo Serrano and Ripado, M{\'a}rio F Bento},
  year={1990}
}

@book{gerhardt2009tiposdepesquisa,
  title={M{\'e}todos de pesquisa},
  author={Gerhardt, Tatiana Engel and Silveira, Denise Tolfo},
  year={2009},
  publisher={Plageder}
}

@article{ribeiro1999automaccao,
  title={Automa{\c{c}}{\~a}o industrial},
  author={Ribeiro, Marco Ant{\^o}nio},
  journal={Apostila para curso de treinamento},
  year={1999}
}

@article{mcroberts2011arduinobasico,
  title={Arduino b{\'a}sico},
  author={McRoberts, Michael},
  journal={S{\~a}o Paulo: Novatec},
  volume={1},
  year={2011}
}

@incollection{gay2014dht11,
  title={DHT11 sensor},
  author={Gay, Warren W and Watkiss, Stewart},
  booktitle={Experimenting with Raspberry Pi},
  pages={1--13},
  year={2014},
  publisher={Springer}
}

@phdthesis{oliveira2017esp,
  title={USO DO MICROCONTROLADOR ESP8266 PARA AUTOMA{\c{C}}{\~A}O RESIDENCIAL},
  author={Oliveira, Ricardo Rodrigues},
  year={2017},
  school={Universidade Federal do Rio de Janeiro}
}

@article{kolban2015espbook,
  title={Kolban's Book on ESP8266},
  author={Kolban, Neil},
  journal={Texas, USA},
  pages={1--317},
  year={2015}
}

@monography{silva2009,
  address={Recife},
  author={Silva, Davidson Felipe},
  pages={74},
  pagename={f.},
  school={Escola Politécnica de Pernambuco – Universidade de Pernambuco},
  title={Sistema de comunica{\c{c}}{\~a}o bluetooth utilizando microcontrolador},
  type={Bacharel em Engenharia da Computação},
  year={2009}
}

@book{fachinello2009fruticultura,
  title={Fruticultura: fundamentos e pr{\'a}ticas},
  author={Fachinello, JOS{\'E} CARLOS FACHINELLO},
  year={2009},
  publisher={Embrapa Clima Temperado}
}

@article{fontes2003sistema,
  title={Sistema de Supervis{\~a}o e Controle de Irriga{\c{c}}{\~a}o Utilizando T{\'e}cnicas de Intelig{\^e}ncia Artificial Visando o Uso Racional de Energia--Disserta{\c{c}}{\~a}o (Doutorado)},
  author={FONTES, IR},
  journal={Faculdade de Ci{\^e}ncias Agron{\^o}micas-Universidade do Estadual Paulista-UNESP, Botucatu},
  year={2003}
}

@article{martins2005microcontroladores,
  title={Sistemas microcontrolados},
  author={Martins, Nard{\^e}nio Almeida},
  journal={Uma abordagem com o Microcontrolador PIC 16F84. Editora Novatec Ltda, 1{\textordfeminine} edi{\c{c}}{\~a}o},
  year={2005}
}

@article{marchesan2012sensores,
  title={Sistema de monitoramento residencial utilizando a plataforma arduino},
  author={Marchesan, Marcelo},
  journal={Santa Maria},
  year={2012}
}

@inproceedings{marques2011python,
  title={Atraindo alunos do ensino m{\'e}dio para a computa{\c{c}}{\~a}o: Uma Experi{\^e}ncia Pr{\'a}tica de Introdu{\c{c}}{\~a}o {\`a} Programa{\c{c}}{\~a}o utilizando Jogos e Python},
  author={Marques, Diego Lopes and Costa, Lu{\'\i}s Feliphe Silva and de Azevedo Silva, Max Andr{\'e} and Rebou{\c{c}}as, Ayla D{\'e}bora Dantas S},
  booktitle={Anais do Workshop de Inform{\'a}tica na Escola},
  volume={1},
  number={1},
  pages={1138--1147},
  year={2011}
}

@article{brugnari2010automaccao,
  title={Automa{\c{c}}{\~a}o Residencial Via Web. 2010. 36 f},
  author={BRUGNARI, Arthur and MAESTRELLI, Luiz Henrique Mussi},
  journal={Monografia (Gradua{\c{c}}{\~a}o)--Curso de Engenharia de Computa{\c{c}}{\~a}o, Pontif{\'\i}cia Universidade Cat{\'o}lica do Paran{\'a}, Curitiba},
  year={2010}
}

@book{bezerra2017iterativoeincremental,
  title={Princ{\'\i}pios de An{\'a}lise e Projeto de Sistema com UML},
  author={Bezerra, Eduardo},
  volume={3},
  year={2017},
  publisher={Elsevier Brasil}
}

@inproceedings{gomes2003casodeuso,
  title={Elicitando requisitos em projetos de Software Educativo},
  author={Gomes, Alex Sandro and Wanderley, Eduardo Garcia},
  booktitle={Anais do Workshop de Inform{\'a}tica na Escola},
  volume={1},
  number={1},
  pages={119--130},
  year={2003}
}

@book{borges2014python,
  title={Python para Desenvolvedores: Aborda Python 3.3},
  author={Borges, Luiz Eduardo},
  year={2014},
  publisher={Novatec Editora}
}

@book{dooley2011mvc,
  title={Software development and professional practice},
  author={Dooley, John},
  year={2011},
  publisher={Apress}
}

@monography{leandro2017,
  address={Palho{\c{c}}a},
  author={Silva, Leandro Jamir},
  pages={49},
  pagename={f.},
  school={Universidade do Sul de Santa Catarina},
  title={Internet das Coisas},
  type={Engenharia Elétrica e Telemática},
  year={2017}
}

@misc{rocha2007rede,
  title={Rede de Sensores Sem Fio},
  author={Rocha, Jo{\~a}o Wilson Vieira},
  year={2007}
}



@article{santos2010,
  title={Luminosidade, temperatura do ar e do solo em ambientes de cultivo protegido},
  author={SANTOS, LUCAS LE{\~A}O and Seabra J{\'u}nior, S and Nunes, MCM},
  journal={Revista de Ci{\^e}ncias Agro-Ambientais},
  volume={8},
  number={1},
  pages={83--93},
  year={2010}
}

@book{bezerra2003embrapa,
  title={Produ{\c{c}}{\~a}o de mudas de hortali{\c{c}}as em ambiente protegido},
  author={Bezerra, Fred Carvalho},
  year={2003},
  publisher={Embrapa Agroind{\'u}stria Tropical}
}

@article{teixeira2005modernizaccao,
  title={Moderniza{\c{c}}{\~a}o da agricultura no Brasil: impactos econ{\^o}micos, sociais e ambientais},
  author={Teixeira, Jodenir Calixto},
  journal={Revista Eletr{\^o}nica AGB-TL},
  volume={1},
  number={2},
  pages={21--42},
  year={2005}
}

@article{gasques1997crescimento,
  title={Crescimento e produtividade da agricultura brasileira},
  author={Gasques, Jos{\'e} Garcia and da Concei{\c{c}}{\~a}o, J{\'u}nia Cristina PR},
  year={1997},
  publisher={Instituto de Pesquisa Econ{\^o}mica Aplicada (Ipea)}
}

@article{rebouccas2014radiaccao,
  title={Radia{\c{c}}{\~a}o solar e temperatura do ar em ambiente protegido.},
  author={Rebou{\c{c}}as, Perila Maciel and Dias, {\'I}tala Farias and Alves, Mel{\^a}nia Ara{\'u}jo and Barbosa Filho, Jos{\'e} Antonio Delfino},
  journal={Revista Agrogeoambiental},
  volume={7},
  number={2},
  year={2014}
}

@article{de2017monitoramento,
  title={Monitoramento de vari{\'a}veis micrometeorol{\'o}gicas em diferentes ambientes protegidos no per{\'\i}odo de inverno},
  author={de Paula, Rita de C{\'a}ssia Mariano and da Silva, Abimael Gomes and Costa, Edilson and da Silva Binotti, Fl{\'a}vio Ferreira},
  journal={REVISTA DE AGRICULTURA NEOTROPICAL},
  volume={4},
  number={5},
  pages={103--109},
  year={2017}
}

@article{azevedo2016sistema,
  title={Sistema de monitoramento e climatiza{\c{c}}{\~a}o de estufa de pequeno porte em um contexto dom{\'e}stico},
  author={Azevedo Junior, Amber Leite de},
  year={2016}
}

@phdthesis{furlan2001avaliaccao,
  title={Avalia{\c{c}}{\~a}o da nebuliza{\c{c}}{\~a}o e abertura de cortinas na redu{\c{c}}{\~a}o da temperatura do ar em ambiente protegido.},
  author={Furlan, Raquel Aparecida},
  year={2001},
  school={Universidade de S{\~a}o Paulo}
}

@inproceedings{loureiro2003redes,
  title={Redes de sensores sem fio},
  author={Loureiro, Antonio AF and Nogueira, Jos{\'e} Marcos S and Ruiz, Linnyer Beatrys and Mini, Raquel Aparecida de Freitas and Nakamura, Eduardo Freire and Figueiredo, Carlos Maur{\i}cio Ser{\'o}dio},
  booktitle={Simp{\'o}sio Brasileiro de Redes de Computadores (SBRC)},
  pages={179--226},
  year={2003},
  organization={sn}
}

@article{fachinello2005propagaccao,
  title={Propaga{\c{c}}{\~a}o vegetativa por estaquia},
  author={Fachinello, JC and Hoffmann, A and Nachtigal, JC and Kersten, E},
  journal={Propaga{\c{c}}{\~a}o de plantas frut{\'\i}feras. Bras{\'\i}lia: Embrapa Informa{\c{c}}{\~a}o Tecnol{\'o}gica},
  pages={69--109},
  year={2005}
}
